@ARTICLE{Pober2013a,
   author = {{Pober}, J.~C. and {Parsons}, A.~R. and {DeBoer}, D.~R. and 
	{McDonald}, P. and {McQuinn}, M. and {Aguirre}, J.~E. and {Ali}, Z. and 
	{Bradley}, R.~F. and {Chang}, T.-C. and {Morales}, M.~F.},
    title = "{The Baryon Acoustic Oscillation Broadband and Broad-beam Array: Design Overview and Sensitivity Forecasts}",
  journal = {\aj},
archivePrefix = "arXiv",
   eprint = {1210.2413},
 primaryClass = "astro-ph.CO",
 keywords = {cosmological parameters, distance scale, instrumentation: interferometers, large-scale structure of universe, techniques: interferometric },
     year = 2013,
    month = mar,
   volume = 145,
      eid = {65},
    pages = {65},
      doi = {10.1088/0004-6256/145/3/65},
   adsurl = {http://adsabs.harvard.edu/abs/2013AJ....145...65P},
  adsnote = {Provided by the SAO/NASA Astrophysics Data System}
}

@ARTICLE{Pober2013b,
   author = {{Pober}, J.~C. and {Parsons}, A.~R. and {Aguirre}, J.~E. and 
	{Ali}, Z. and {Bradley}, R.~F. and {Carilli}, C.~L. and {DeBoer}, D. and 
	{Dexter}, M. and {Gugliucci}, N.~E. and {Jacobs}, D.~C. and 
	{Klima}, P.~J. and {MacMahon}, D. and {Manley}, J. and {Moore}, D.~F. and 
	{Stefan}, I.~I. and {Walbrugh}, W.~P.},
    title = "{Opening the 21 cm Epoch of Reionization Window: Measurements of Foreground Isolation with PAPER}",
  journal = {\apjl},
archivePrefix = "arXiv",
   eprint = {1301.7099},
 primaryClass = "astro-ph.CO",
 keywords = {cosmology: observations, dark ages, reionization, first stars, techniques: interferometric},
     year = 2013,
    month = may,
   volume = 768,
      eid = {L36},
    pages = {L36},
      doi = {10.1088/2041-8205/768/2/L36},
   adsurl = {http://adsabs.harvard.edu/abs/2013ApJ...768L..36P},
  adsnote = {Provided by the SAO/NASA Astrophysics Data System}
}

@ARTICLE{Mao2013,
   author = {{Mao}, Y. and {D'Aloisio}, A. and {Zhang}, J. and {Shapiro}, P.~R.
	},
    title = "{Primordial non-Gaussianity estimation using 21 cm tomography from the epoch of reionization}",
  journal = {\prd},
archivePrefix = "arXiv",
   eprint = {1305.0313},
 primaryClass = "astro-ph.CO",
 keywords = {Observational cosmology, HI regions and 21-cm lines, diffuse translucent and high-velocity clouds, Superclusters, large-scale structure of the Universe},
     year = 2013,
    month = oct,
   volume = 88,
   number = 8,
      eid = {081303},
    pages = {081303},
      doi = {10.1103/PhysRevD.88.081303},
   adsurl = {http://adsabs.harvard.edu/abs/2013PhRvD..88h1303M},
  adsnote = {Provided by the SAO/NASA Astrophysics Data System}
}

@BOOK{aviBook,
   author = {{Loeb}, A. and {Furlanetto}, S.~R.},
   title= "The First Galaxies In The Universe",
   publisher = "Princeton University Press, Princeton, NJ",
   year = 2013
   }
   
   @ARTICLE{Pritchard2012,
   author = {{Pritchard}, J.~R. and {Loeb}, A.},
    title = "{21 cm cosmology in the 21st century}",
  journal = {Rep. Prog. Phys.},
archivePrefix = "arXiv",
   eprint = {1109.6012},
 primaryClass = "astro-ph.CO",
     year = 2012,
    month = aug,
   volume = 75,
   number = 8,
      eid = {086901},
    pages = {086901},
      doi = {10.1088/0034-4885/75/8/086901},
   adsurl = {http://adsabs.harvard.edu/abs/2012RPPh...75h6901P},
  adsnote = {Provided by the SAO/NASA Astrophysics Data System}
}
   
   @ARTICLE{Furlanetto2006,
   author = {{Furlanetto}, S.~R. and {Oh}, S.~P. and {Briggs}, F.~H.},
    title = "{Cosmology at low frequencies: The 21 cm transition and the high-redshift Universe}",
  journal = {\physrep},
   eprint = {arXiv:astro-ph/0608032},
     year = 2006,
    month = oct,
   volume = 433,
    pages = {181-301},
      doi = {10.1016/j.physrep.2006.08.002},
   adsurl = {http://adsabs.harvard.edu/abs/2006PhR...433..181F},
  adsnote = {Provided by the SAO/NASA Astrophysics Data System}
}

@ARTICLE{Morales2010,
   author = {{Morales}, M.~F. and {Wyithe}, J.~S.~B.},
    title = "{Reionization and Cosmology with 21-cm Fluctuations}",
  journal = {\araa},
archivePrefix = "arXiv",
   eprint = {0910.3010},
 primaryClass = "astro-ph.CO",
     year = 2010,
    month = sep,
   volume = 48,
    pages = {127-171},
      doi = {10.1146/annurev-astro-081309-130936},
   adsurl = {http://adsabs.harvard.edu/abs/2010ARA%26A..48..127M},
  adsnote = {Provided by the SAO/NASA Astrophysics Data System}
}

@ARTICLE{Lidz2007,
   author = {{Lidz}, A. and {Zahn}, O. and {McQuinn}, M. and {Zaldarriaga}, M. and 
	{Dutta}, S. and {Hernquist}, L.},
    title = "{Higher Order Contributions to the 21 cm Power Spectrum}",
  journal = {\apj},
   eprint = {astro-ph/0610054},
 keywords = {Cosmology: Theory, Galaxies: Intergalactic Medium, Cosmology: Large-Scale Structure of Universe},
     year = 2007,
    month = apr,
   volume = 659,
    pages = {865-876},
      doi = {10.1086/511670},
   adsurl = {http://adsabs.harvard.edu/abs/2007ApJ...659..865L},
  adsnote = {Provided by the SAO/NASA Astrophysics Data System}
}

@ARTICLE{Mao2008,
   author = {{Mao}, Y. and {Tegmark}, M. and {McQuinn}, M. and {Zaldarriaga}, M. and 
	{Zahn}, O.},
    title = "{How accurately can 21cm tomography constrain cosmology?}",
  journal = {\prd},
archivePrefix = "arXiv",
   eprint = {0802.1710},
     year = 2008,
    month = jul,
   volume = 78,
   number = 2,
    pages = {023529-+},
      doi = {10.1103/PhysRevD.78.023529},
   adsurl = {http://adsabs.harvard.edu/abs/2008PhRvD..78b3529M},
  adsnote = {Provided by the SAO/NASA Astrophysics Data System}
}

@ARTICLE{Valdes2013,
   author = {{Vald{\'e}s}, M. and {Evoli}, C. and {Mesinger}, A. and {Ferrara}, A. and 
	{Yoshida}, N.},
    title = "{The nature of dark matter from the global high-redshift H I 21 cm signal}",
  journal = {\mnras},
archivePrefix = "arXiv",
   eprint = {1209.2120},
 primaryClass = "astro-ph.CO",
 keywords = {intergalactic medium, cosmology: theory, dark matter, diffuse radiation},
     year = 2013,
    month = feb,
   volume = 429,
    pages = {1705-1716},
      doi = {10.1093/mnras/sts458},
   adsurl = {http://adsabs.harvard.edu/abs/2013MNRAS.429.1705V},
  adsnote = {Provided by the SAO/NASA Astrophysics Data System}
}


@ARTICLE{Ansari2012,
   author = {{Ansari}, R. and {Campagne}, J.-E. and {Colom}, P. and {Magneville}, C. and 
	{Martin}, J.-M. and {Moniez}, M. and {Rich}, J. and {Y{\`e}che}, C.
	},
    title = "{BAORadio: A digital pipeline for radio interferometry and 21 cm mapping of large scale structures}",
  journal = {Comptes Rendus Physique},
archivePrefix = "arXiv",
   eprint = {1209.3266},
 primaryClass = "astro-ph.CO",
 keywords = {Cosmology, Dark energy, 21 cm radio interferometry, Cosmologie, {\'E}nergie noire, Radio-interf{\'e}rom{\'e}trie {\`a} 21 cm},
     year = 2012,
    month = jan,
   volume = 13,
    pages = {46-53},
      doi = {10.1016/j.crhy.2011.11.003},
   adsurl = {http://adsabs.harvard.edu/abs/2012CRPhy..13...46A},
  adsnote = {Provided by the SAO/NASA Astrophysics Data System}
}

@ARTICLE{Parsons2010,
   author = {{Parsons}, A.~R. and {Backer}, D.~C. and {Foster}, G.~S. and 
	{Wright}, M.~C.~H. and {Bradley}, R.~F. and {Gugliucci}, N.~E. and 
	{Parashare}, C.~R. and {Benoit}, E.~E. and {Aguirre}, J.~E. and 
	{Jacobs}, D.~C. and {Carilli}, C.~L. and {Herne}, D. and {Lynch}, M.~J. and 
	{Manley}, J.~R. and {Werthimer}, D.~J.},
    title = "{The Precision Array for Probing the Epoch of Re-ionization: Eight Station Results}",
  journal = {\aj},
archivePrefix = "arXiv",
   eprint = {0904.2334},
 primaryClass = "astro-ph.CO",
 keywords = {cosmology: observations, instrumentation: interferometers, radio continuum: general, techniques: interferometric, site testing, telescopes},
     year = 2010,
    month = apr,
   volume = 139,
    pages = {1468-1480},
      doi = {10.1088/0004-6256/139/4/1468},
   adsurl = {http://adsabs.harvard.edu/abs/2010AJ....139.1468P},
  adsnote = {Provided by the SAO/NASA Astrophysics Data System}
}

@ARTICLE{Battye2012,
   author = {{Battye}, R.~A. and {Brown}, M.~L. and {Browne}, I.~W.~A. and 
	{Davis}, R.~J. and {Dewdney}, P. and {Dickinson}, C. and {Heron}, G. and 
	{Maffei}, B. and {Pourtsidou}, A. and {Wilkinson}, P.~N.},
    title = "{BINGO: a single dish approach to 21cm intensity mapping}",
  journal = {ArXiv e-prints},
archivePrefix = "arXiv",
   eprint = {1209.1041},
 primaryClass = "astro-ph.CO",
 keywords = {Astrophysics - Cosmology and Extragalactic Astrophysics},
     year = 2012,
    month = sep,
   adsurl = {http://adsabs.harvard.edu/abs/2012arXiv1209.1041B},
  adsnote = {Provided by the SAO/NASA Astrophysics Data System}
}

@ARTICLE{HinshawEtAl2013,
   author = {{Hinshaw}, G. and {Larson}, D. and {Komatsu}, E. and {Spergel}, D.~N. and 
	{Bennett}, C.~L. and {Dunkley}, J. and {Nolta}, M.~R. and {Halpern}, M. and 
	{Hill}, R.~S. and {Odegard}, N. and {Page}, L. and {Smith}, K.~M. and 
	{Weiland}, J.~L. and {Gold}, B. and {Jarosik}, N. and {Kogut}, A. and 
	{Limon}, M. and {Meyer}, S.~S. and {Tucker}, G.~S. and {Wollack}, E. and 
	{Wright}, E.~L.},
    title = "{Nine-year Wilkinson Microwave Anisotropy Probe (WMAP) Observations: Cosmological Parameter Results}",
  journal = {\apjs},
archivePrefix = "arXiv",
   eprint = {1212.5226},
 primaryClass = "astro-ph.CO",
 keywords = {cosmic background radiation, cosmology: observations, dark matter, early universe, instrumentation: detectors, space vehicles, space vehicles: instruments, telescopes },
     year = 2013,
    month = oct,
   volume = 208,
      eid = {19},
    pages = {19},
      doi = {10.1088/0067-0049/208/2/19},
   adsurl = {http://adsabs.harvard.edu/abs/2013ApJS..208...19H},
  adsnote = {Provided by the SAO/NASA Astrophysics Data System}
}

@ARTICLE{Morales2012,
   author = {{Morales}, M.~F. and {Hazelton}, B. and {Sullivan}, I. and {Beardsley}, A.
	},
    title = "{Four Fundamental Foreground Power Spectrum Shapes for 21 cm Cosmology Observations}",
  journal = {\apj},
archivePrefix = "arXiv",
   eprint = {1202.3830},
 primaryClass = "astro-ph.IM",
 keywords = {cosmology: observations, methods: data analysis, techniques: interferometric},
     year = 2012,
    month = jun,
   volume = 752,
      eid = {137},
    pages = {137},
      doi = {10.1088/0004-637X/752/2/137},
   adsurl = {http://adsabs.harvard.edu/abs/2012ApJ...752..137M},
  adsnote = {Provided by the SAO/NASA Astrophysics Data System}
}

@ARTICLE{Thyagarajan2013,
   author = {{Thyagarajan}, N. and {Udaya Shankar}, N. and {Subrahmanyan}, R. and 
	{Arcus}, W. and {Bernardi}, G. and {Bowman}, J.~D. and {Briggs}, F. and 
	{Bunton}, J.~D. and {Cappallo}, R.~J. and {Corey}, B.~E. and 
	{deSouza}, L. and {Emrich}, D. and {Gaensler}, B.~M. and {Goeke}, R.~F. and 
	{Greenhill}, L.~J. and {Hazelton}, B.~J. and {Herne}, D. and 
	{Hewitt}, J.~N. and {Johnston-Hollitt}, M. and {Kaplan}, D.~L. and 
	{Kasper}, J.~C. and {Kincaid}, B.~B. and {Koenig}, R. and {Kratzenberg}, E. and 
	{Lonsdale}, C.~J. and {Lynch}, M.~J. and {McWhirter}, S.~R. and 
	{Mitchell}, D.~A. and {Morales}, M.~F. and {Morgan}, E.~H. and 
	{Oberoi}, D. and {Ord}, S.~M. and {Pathikulangara}, J. and {Remillard}, R.~A. and 
	{Rogers}, A.~E.~E. and {Anish Roshi}, D. and {Salah}, J.~E. and 
	{Sault}, R.~J. and {Srivani}, K.~S. and {Stevens}, J.~B. and 
	{Thiagaraj}, P. and {Tingay}, S.~J. and {Wayth}, R.~B. and {Waterson}, M. and 
	{Webster}, R.~L. and {Whitney}, A.~R. and {Williams}, A.~J. and 
	{Williams}, C.~L. and {Wyithe}, J.~S.~B.},
    title = "{A Study of Fundamental Limitations to Statistical Detection of Redshifted H I from the Epoch of Reionization}",
  journal = {\apj},
archivePrefix = "arXiv",
   eprint = {1308.0565},
 primaryClass = "astro-ph.CO",
 keywords = {dark ages, reionization, first stars, large-scale structure of universe, methods: statistical, radio continuum: galaxies, radio lines: general, techniques: interferometric},
     year = 2013,
    month = oct,
   volume = 776,
      eid = {6},
    pages = {6},
      doi = {10.1088/0004-637X/776/1/6},
   adsurl = {http://adsabs.harvard.edu/abs/2013ApJ...776....6T},
  adsnote = {Provided by the SAO/NASA Astrophysics Data System}
}

@ARTICLE{Parsons2012b,
   author = {{Parsons}, A.~R. and {Pober}, J.~C. and {Aguirre}, J.~E. and 
	{Carilli}, C.~L. and {Jacobs}, D.~C. and {Moore}, D.~F.},
    title = "{A Per-baseline, Delay-spectrum Technique for Accessing the 21 cm Cosmic Reionization Signature}",
  journal = {\apj},
archivePrefix = "arXiv",
   eprint = {1204.4749},
 primaryClass = "astro-ph.IM",
 keywords = {cosmology: observations, instrumentation: interferometers, radio continuum: general, site testing, techniques: interferometric, telescopes},
     year = 2012,
    month = sep,
   volume = 756,
      eid = {165},
    pages = {165},
      doi = {10.1088/0004-637X/756/2/165},
   adsurl = {http://adsabs.harvard.edu/abs/2012ApJ...756..165P},
  adsnote = {Provided by the SAO/NASA Astrophysics Data System}
}

@ARTICLE{Parsons2012a,
   author = {{Parsons}, A. and {Pober}, J. and {McQuinn}, M. and {Jacobs}, D. and 
	{Aguirre}, J.},
    title = "{A Sensitivity and Array-configuration Study for Measuring the Power Spectrum of 21 cm Emission from Reionization}",
  journal = {\apj},
archivePrefix = "arXiv",
   eprint = {1103.2135},
 primaryClass = "astro-ph.IM",
 keywords = {cosmology: observations, instrumentation: interferometers, methods: observational, techniques: interferometric, telescopes},
     year = 2012,
    month = jul,
   volume = 753,
      eid = {81},
    pages = {81},
      doi = {10.1088/0004-637X/753/1/81},
   adsurl = {http://adsabs.harvard.edu/abs/2012ApJ...753...81P},
  adsnote = {Provided by the SAO/NASA Astrophysics Data System}
}

@ARTICLE{Pober2014,
   author = {{Pober}, J.~C. and {Liu}, A. and {Dillon}, J.~S. and {Aguirre}, J.~E. and 
	{Bowman}, J.~D. and {Bradley}, R.~F. and {Carilli}, C.~L. and 
	{DeBoer}, D.~R. and {Hewitt}, J.~N. and {Jacobs}, D.~C. and 
	{McQuinn}, M. and {Morales}, M.~F. and {Parsons}, A.~R. and 
	{Tegmark}, M. and {Werthimer}, D.~J.},
    title = "{What Next-generation 21 cm Power Spectrum Measurements can Teach us About the Epoch of Reionization}",
  journal = {\apj},
archivePrefix = "arXiv",
   eprint = {1310.7031},
 primaryClass = "astro-ph.CO",
 keywords = {dark ages, reionization, first stars, techniques: interferometric },
     year = 2014,
    month = feb,
   volume = 782,
      eid = {66},
    pages = {66},
      doi = {10.1088/0004-637X/782/2/66},
   adsurl = {http://adsabs.harvard.edu/abs/2014ApJ...782...66P},
  adsnote = {Provided by the SAO/NASA Astrophysics Data System}
}

@ARTICLE{Dillon2013,
   author = {{Dillon}, J.~S. and {Liu}, A. and {Tegmark}, M.},
    title = "{A fast method for power spectrum and foreground analysis for 21 cm cosmology}",
  journal = {\prd},
archivePrefix = "arXiv",
   eprint = {1211.2232},
 primaryClass = "astro-ph.CO",
 keywords = {Observation and data reduction techniques, computer modeling and simulation, Mathematical procedures and computer techniques, Cosmology, Observational cosmology},
     year = 2013,
    month = feb,
   volume = 87,
   number = 4,
      eid = {043005},
    pages = {043005},
      doi = {10.1103/PhysRevD.87.043005},
   adsurl = {http://adsabs.harvard.edu/abs/2013PhRvD..87d3005D},
  adsnote = {Provided by the SAO/NASA Astrophysics Data System}
}

@ARTICLE{Liu2011,
   author = {{Liu}, A. and {Tegmark}, M.},
    title = "{A method for 21 cm power spectrum estimation in the presence of foregrounds}",
  journal = {\prd},
archivePrefix = "arXiv",
   eprint = {1103.0281},
 primaryClass = "astro-ph.CO",
 keywords = {Observation and data reduction techniques, computer modeling and simulation, Mathematical procedures and computer techniques, Observational cosmology},
     year = 2011,
    month = may,
   volume = 83,
   number = 10,
      eid = {103006},
    pages = {103006},
      doi = {10.1103/PhysRevD.83.103006},
   adsurl = {http://adsabs.harvard.edu/abs/2011PhRvD..83j3006L},
  adsnote = {Provided by the SAO/NASA Astrophysics Data System}
}

@ARTICLE{Bernardi2013,
   author = {{Bernardi}, G. and {Greenhill}, L.~J. and {Mitchell}, D.~A. and 
	{Ord}, S.~M. and {Hazelton}, B.~J. and {Gaensler}, B.~M. and 
	{de Oliveira-Costa}, A. and {Morales}, M.~F. and {Udaya Shankar}, N. and 
	{Subrahmanyan}, R. and {Wayth}, R.~B. and {Lenc}, E. and {Williams}, C.~L. and 
	{Arcus}, W. and {Arora}, B.~S. and {Barnes}, D.~G. and {Bowman}, J.~D. and 
	{Briggs}, F.~H. and {Bunton}, J.~D. and {Cappallo}, R.~J. and 
	{Corey}, B.~E. and {Deshpande}, A. and {deSouza}, L. and {Emrich}, D. and 
	{Goeke}, R. and {Herne}, D. and {Hewitt}, J.~N. and {Johnston-Hollitt}, M. and 
	{Kaplan}, D. and {Kasper}, J.~C. and {Kincaid}, B.~B. and {Koenig}, R. and 
	{Kratzenberg}, E. and {Lonsdale}, C.~J. and {Lynch}, M.~J. and 
	{McWhirter}, S.~R. and {Morgan}, E. and {Oberoi}, D. and {Pathikulangara}, J. and 
	{Prabu}, T. and {Remillard}, R.~A. and {Rogers}, A.~E.~E. and 
	{Roshi}, A. and {Salah}, J.~E. and {Sault}, R.~J. and {Srivani}, K.~S. and 
	{Stevens}, J. and {Tingay}, S.~J. and {Waterson}, M. and {Webster}, R.~L. and 
	{Whitney}, A.~R. and {Williams}, A. and {Wyithe}, J.~S.~B.},
    title = "{A 189 MHz, 2400 deg$^{2}$ Polarization Survey with the Murchison Widefield Array 32-element Prototype}",
  journal = {\apj},
archivePrefix = "arXiv",
   eprint = {1305.6047},
 primaryClass = "astro-ph.CO",
 keywords = {diffuse radiation, ISM: magnetic fields, polarization, radio continuum: general, surveys, techniques: interferometric},
     year = 2013,
    month = jul,
   volume = 771,
      eid = {105},
    pages = {105},
      doi = {10.1088/0004-637X/771/2/105},
   adsurl = {http://adsabs.harvard.edu/abs/2013ApJ...771..105B},
  adsnote = {Provided by the SAO/NASA Astrophysics Data System}
}

@ARTICLE{Morales2005,
   author = {{Morales}, M.~F.},
    title = "{Power Spectrum Sensitivity and the Design of Epoch of Reionization Observatories}",
  journal = {\apj},
   eprint = {astro-ph/0406662},
 keywords = {Cosmology: Observations, Radio Lines: General},
     year = 2005,
    month = feb,
   volume = 619,
    pages = {678-683},
      doi = {10.1086/426730},
   adsurl = {http://adsabs.harvard.edu/abs/2005ApJ...619..678M},
  adsnote = {Provided by the SAO/NASA Astrophysics Data System}
}

@article{Dillon2014,
  title = {Overcoming real-world obstacles in 21 cm power spectrum estimation: A method demonstration and results from early Murchison Widefield Array data},
  author = {Dillon, Joshua S. and Liu, Adrian and Williams, Christopher L. and Hewitt, Jacqueline N. and Tegmark, Max and Morgan, Edward H. and Levine, Alan M. and Morales, Miguel F. and Tingay, Steven J. and Bernardi, Gianni and Bowman, Judd D. and Briggs, Frank H. and Cappallo, Roger C. and Emrich, David and Mitchell, Daniel A. and Oberoi, Divya and Prabu, Thiagaraj and Wayth, Randall and Webster, Rachel L.},
  journal = {\prd},
  volume = {89},
  issue = {2},
  pages = {023002},
  numpages = {25},
  year = {2014},
  month = {Jan},
  publisher = {American Physical Society},
  doi = {10.1103/PhysRevD.89.023002},
  url = {http://link.aps.org/doi/10.1103/PhysRevD.89.023002}
}

@ARTICLE{Parsons2013,
   author = {{Parsons}, A.~R. and {Liu}, A. and {Aguirre}, J.~E. and {Ali}, Z.~S. and 
	{Bradley}, R.~F. and {Carilli}, C.~L. and {DeBoer}, D.~R. and 
	{Dexter}, M.~R. and {Gugliucci}, N.~E. and {Jacobs}, D.~C. and 
	{Klima}, P. and {MacMahon}, D.~H.~E. and {Manley}, J.~R. and 
	{Moore}, D.~F. and {Pober}, J.~C. and {Stefan}, I.~I. and {Walbrugh}, W.~P.
	},
    title = "{New Limits on 21cm EoR From PAPER-32 Consistent with an X-Ray Heated IGM at z=7.7}",
  journal = {ArXiv e-prints},
archivePrefix = "arXiv",
   eprint = {1304.4991},
 primaryClass = "astro-ph.CO",
 keywords = {Astrophysics - Cosmology and Extragalactic Astrophysics, Astrophysics - Instrumentation and Methods for Astrophysics},
     year = 2013,
    month = apr,
   adsurl = {http://adsabs.harvard.edu/abs/2013arXiv1304.4991P},
  adsnote = {Provided by the SAO/NASA Astrophysics Data System}
}

@ARTICLE{Hazelton2013,
   author = {{Hazelton}, B.~J. and {Morales}, M.~F. and {Sullivan}, I.~S.
	},
    title = "{The Fundamental Multi-baseline Mode-mixing Foreground in 21 cm Epoch of Reionization Observations}",
  journal = {\apj},
archivePrefix = "arXiv",
   eprint = {1301.3126},
 primaryClass = "astro-ph.IM",
 keywords = {cosmology: observations, methods: data analysis, techniques: interferometric},
     year = 2013,
    month = jun,
   volume = 770,
      eid = {156},
    pages = {156},
      doi = {10.1088/0004-637X/770/2/156},
   adsurl = {http://adsabs.harvard.edu/abs/2013ApJ...770..156H},
  adsnote = {Provided by the SAO/NASA Astrophysics Data System}
}

@ARTICLE{Barkana2009,
   author = {{Barkana}, R.},
    title = "{Studying the sources of cosmic reionization with 21-cm fluctuations}",
  journal = {\mnras},
archivePrefix = "arXiv",
   eprint = {0806.2333},
 keywords = {galaxies: formation , galaxies: high-redshift , cosmology: theory},
     year = 2009,
    month = aug,
   volume = 397,
    pages = {1454-1463},
      doi = {10.1111/j.1365-2966.2009.14929.x},
   adsurl = {http://adsabs.harvard.edu/abs/2009MNRAS.397.1454B},
  adsnote = {Provided by the SAO/NASA Astrophysics Data System}
}

@ARTICLE{Liu2012,
   author = {{Liu}, A. and {Tegmark}, M.},
    title = "{How well can we measure and understand foregrounds with 21-cm experiments?}",
  journal = {\mnras},
archivePrefix = "arXiv",
   eprint = {1106.0007},
 primaryClass = "astro-ph.CO",
 keywords = {methods: data analysis, techniques: interferometric, dark ages, reionization, first stars, radio lines: general},
     year = 2012,
    month = feb,
   volume = 419,
    pages = {3491-3504},
      doi = {10.1111/j.1365-2966.2011.19989.x},
   adsurl = {http://adsabs.harvard.edu/abs/2012MNRAS.419.3491L},
  adsnote = {Provided by the SAO/NASA Astrophysics Data System}
}

@ARTICLE{deOliveiraCosta2008,
   author = {{de Oliveira-Costa}, A. and {Tegmark}, M. and {Gaensler}, B.~M. and 
	{Jonas}, J. and {Landecker}, T.~L. and {Reich}, P.},
    title = "{A model of diffuse Galactic radio emission from 10 MHz to 100 GHz}",
  journal = {\mnras},
archivePrefix = "arXiv",
   eprint = {0802.1525},
 keywords = {methods: data analysis , astronomical data bases: miscellaneous , ISM: structure , diffuse radiation , radio continuum: ISM},
     year = 2008,
    month = jul,
   volume = 388,
    pages = {247-260},
      doi = {10.1111/j.1365-2966.2008.13376.x},
   adsurl = {http://adsabs.harvard.edu/abs/2008MNRAS.388..247D},
  adsnote = {Provided by the SAO/NASA Astrophysics Data System}
}


@ARTICLE{Wang2006,
   author = {{Wang}, X. and {Tegmark}, M. and {Santos}, M.~G. and {Knox}, L.
	},
    title = "{21 cm Tomography with Foregrounds}",
  journal = {\apj},
   eprint = {astro-ph/0501081},
 keywords = {Cosmology: Theory, Cosmology: Diffuse Radiation, ISM: Atoms, Methods: Analytical, Methods: Data Analysis, Radio Lines: General},
     year = 2006,
    month = oct,
   volume = 650,
    pages = {529-537},
      doi = {10.1086/506597},
   adsurl = {http://adsabs.harvard.edu/abs/2006ApJ...650..529W},
  adsnote = {Provided by the SAO/NASA Astrophysics Data System}
}

@ARTICLE{Bowman2009,
   author = {{Bowman}, J.~D. and {Morales}, M.~F. and {Hewitt}, J.~N.},
    title = "{Foreground Contamination in Interferometric Measurements of the Redshifted 21 cm Power Spectrum}",
  journal = {\apj},
archivePrefix = "arXiv",
   eprint = {0807.3956},
 keywords = {early universe, intergalactic medium, methods: data analysis, radio lines: general, techniques: interferometric},
     year = 2009,
    month = apr,
   volume = 695,
    pages = {183-199},
      doi = {10.1088/0004-637X/695/1/183},
   adsurl = {http://adsabs.harvard.edu/abs/2009ApJ...695..183B},
  adsnote = {Provided by the SAO/NASA Astrophysics Data System}
}

@ARTICLE{Liu2009b,
   author = {{Liu}, A. and {Tegmark}, M. and {Bowman}, J. and {Hewitt}, J. and 
	{Zaldarriaga}, M.},
    title = "{An improved method for 21-cm foreground removal}",
  journal = {\mnras},
archivePrefix = "arXiv",
   eprint = {0903.4890},
 primaryClass = "astro-ph.CO",
 keywords = {methods: data analysis , techniques: interferometric , early Universe , radio lines: general},
     year = 2009,
    month = sep,
   volume = 398,
    pages = {401-406},
      doi = {10.1111/j.1365-2966.2009.15156.x},
   adsurl = {http://adsabs.harvard.edu/abs/2009MNRAS.398..401L},
  adsnote = {Provided by the SAO/NASA Astrophysics Data System}
}

@ARTICLE{Liu2009a,
   author = {{Liu}, A. and {Tegmark}, M. and {Zaldarriaga}, M.},
    title = "{Will point sources spoil 21-cm tomography?}",
  journal = {\mnras},
archivePrefix = "arXiv",
   eprint = {0807.3952},
 keywords = {methods: data analysis , techniques: interferometric , early Universe , radio lines: general},
     year = 2009,
    month = apr,
   volume = 394,
    pages = {1575-1587},
      doi = {10.1111/j.1365-2966.2009.14426.x},
   adsurl = {http://adsabs.harvard.edu/abs/2009MNRAS.394.1575L},
  adsnote = {Provided by the SAO/NASA Astrophysics Data System}
}

@ARTICLE{Gleser2008,
   author = {{Gleser}, L. and {Nusser}, A. and {Benson}, A.~J.},
    title = "{Decontamination of cosmological 21-cm maps}",
  journal = {\mnras},
archivePrefix = "arXiv",
   eprint = {0712.0497},
 keywords = {intergalactic medium , cosmology: theory , diffuse radiation , large-scale structure of Universe , radio lines: general},
     year = 2008,
    month = nov,
   volume = 391,
    pages = {383-398},
      doi = {10.1111/j.1365-2966.2008.13897.x},
   adsurl = {http://adsabs.harvard.edu/abs/2008MNRAS.391..383G},
  adsnote = {Provided by the SAO/NASA Astrophysics Data System}
}

@ARTICLE{Harker2009,
   author = {{Harker}, G. and {Zaroubi}, S. and {Bernardi}, G. and {Brentjens}, M.~A. and 
	{de Bruyn}, A.~G. and {Ciardi}, B. and {Jeli{\'c}}, V. and {Koopmans}, L.~V.~E. and 
	{Labropoulos}, P. and {Mellema}, G. and {Offringa}, A. and {Pandey}, V.~N. and 
	{Schaye}, J. and {Thomas}, R.~M. and {Yatawatta}, S.},
    title = "{Non-parametric foreground subtraction for 21-cm epoch of reionization experiments}",
  journal = {\mnras},
archivePrefix = "arXiv",
   eprint = {0903.2760},
 primaryClass = "astro-ph.CO",
 keywords = {methods: statistical , cosmology: theory , diffuse radiation , radio lines: general},
     year = 2009,
    month = aug,
   volume = 397,
    pages = {1138-1152},
      doi = {10.1111/j.1365-2966.2009.15081.x},
   adsurl = {http://adsabs.harvard.edu/abs/2009MNRAS.397.1138H},
  adsnote = {Provided by the SAO/NASA Astrophysics Data System}
}

@ARTICLE{Cho2012,
   author = {{Cho}, J. and {Lazarian}, A. and {Timbie}, P.~T.},
    title = "{A Technique for Foreground Subtraction in Redshifted 21 cm Observations}",
  journal = {\apj},
archivePrefix = "arXiv",
   eprint = {1203.5197},
 primaryClass = "astro-ph.CO",
 keywords = {cosmology: observations, ISM: general, large-scale structure of universe, turbulence},
     year = 2012,
    month = apr,
   volume = 749,
      eid = {164},
    pages = {164},
      doi = {10.1088/0004-637X/749/2/164},
   adsurl = {http://adsabs.harvard.edu/abs/2012ApJ...749..164C},
  adsnote = {Provided by the SAO/NASA Astrophysics Data System}
}

@ARTICLE{Petrovic2011,
   author = {{Petrovic}, N. and {Oh}, S.~P.},
    title = "{Systematic effects of foreground removal in 21-cm surveys of reionization}",
  journal = {\mnras},
archivePrefix = "arXiv",
   eprint = {1010.4109},
 primaryClass = "astro-ph.CO",
 keywords = {methods: statistical, cosmology: theory, radio lines: general},
     year = 2011,
    month = may,
   volume = 413,
    pages = {2103-2120},
      doi = {10.1111/j.1365-2966.2011.18276.x},
   adsurl = {http://adsabs.harvard.edu/abs/2011MNRAS.413.2103P},
  adsnote = {Provided by the SAO/NASA Astrophysics Data System}
}

@ARTICLE{Chapman2012,
   author = {{Chapman}, E. and {Abdalla}, F.~B. and {Harker}, G. and {Jeli{\'c}}, V. and 
	{Labropoulos}, P. and {Zaroubi}, S. and {Brentjens}, M.~A. and 
	{de Bruyn}, A.~G. and {Koopmans}, L.~V.~E.},
    title = "{Foreground removal using FASTICA: a showcase of LOFAR-EoR}",
  journal = {\mnras},
archivePrefix = "arXiv",
   eprint = {1201.2190},
 primaryClass = "astro-ph.CO",
 keywords = {methods: statistical, cosmology: theory, dark ages, reionization, first stars, diffuse radiation},
     year = 2012,
    month = jul,
   volume = 423,
    pages = {2518-2532},
      doi = {10.1111/j.1365-2966.2012.21065.x},
   adsurl = {http://adsabs.harvard.edu/abs/2012MNRAS.423.2518C},
  adsnote = {Provided by the SAO/NASA Astrophysics Data System}
}


@ARTICLE{Chapman2013,
   author = {{Chapman}, E. and {Abdalla}, F.~B. and {Bobin}, J. and {Starck}, J.-L. and 
	{Harker}, G. and {Jeli{\'c}}, V. and {Labropoulos}, P. and {Zaroubi}, S. and 
	{Brentjens}, M.~A. and {de Bruyn}, A.~G. and {Koopmans}, L.~V.~E.
	},
    title = "{The scale of the problem: recovering images of reionization with Generalized Morphological Component Analysis}",
  journal = {\mnras},
archivePrefix = "arXiv",
   eprint = {1209.4769},
 primaryClass = "astro-ph.CO",
 keywords = {methods: statistical, cosmology: theory, dark ages, reionization, first stars, diffuse radiation},
     year = 2013,
    month = feb,
   volume = 429,
    pages = {165-176},
      doi = {10.1093/mnras/sts333},
   adsurl = {http://adsabs.harvard.edu/abs/2013MNRAS.429..165C},
  adsnote = {Provided by the SAO/NASA Astrophysics Data System}
}

@ARTICLE{Masui2013,
   author = {{Masui}, K.~W. and {Switzer}, E.~R. and {Banavar}, N. and {Bandura}, K. and 
	{Blake}, C. and {Calin}, L.-M. and {Chang}, T.-C. and {Chen}, X. and 
	{Li}, Y.-C. and {Liao}, Y.-W. and {Natarajan}, A. and {Pen}, U.-L. and 
	{Peterson}, J.~B. and {Shaw}, J.~R. and {Voytek}, T.~C.},
    title = "{Measurement of 21 cm Brightness Fluctuations at z \~{} 0.8 in Cross-correlation}",
  journal = {\apjl},
archivePrefix = "arXiv",
   eprint = {1208.0331},
 primaryClass = "astro-ph.CO",
 keywords = {galaxies: evolution, large-scale structure of universe, radio lines: galaxies},
     year = 2013,
    month = jan,
   volume = 763,
      eid = {L20},
    pages = {L20},
      doi = {10.1088/2041-8205/763/1/L20},
   adsurl = {http://adsabs.harvard.edu/abs/2013ApJ...763L..20M},
  adsnote = {Provided by the SAO/NASA Astrophysics Data System}
}

@ARTICLE{Paciga2011,
   author = {{Paciga}, G. and {Chang}, T.-C. and {Gupta}, Y. and {Nityanada}, R. and 
	{Odegova}, J. and {Pen}, U.-L. and {Peterson}, J.~B. and {Roy}, J. and 
	{Sigurdson}, K.},
    title = "{The GMRT Epoch of Reionization experiment: a new upper limit on the neutral hydrogen power spectrum at z{\ap} 8.6}",
  journal = {\mnras},
archivePrefix = "arXiv",
   eprint = {1006.1351},
 primaryClass = "astro-ph.CO",
 keywords = {intergalactic medium, cosmology: observations, dark ages, reionization, first stars, diffuse radiation, radio lines: general},
     year = 2011,
    month = may,
   volume = 413,
    pages = {1174-1183},
      doi = {10.1111/j.1365-2966.2011.18208.x},
   adsurl = {http://adsabs.harvard.edu/abs/2011MNRAS.413.1174P},
  adsnote = {Provided by the SAO/NASA Astrophysics Data System}
}

@ARTICLE{Oh2003,
   author = {{Oh}, S.~P. and {Mack}, K.~J.},
    title = "{Foregrounds for 21-cm observations of neutral gas at high redshift}",
  journal = {\mnras},
   eprint = {astro-ph/0302099},
 keywords = {galaxies: formation, cosmology: theory, large-scale structure of Universe},
     year = 2003,
    month = dec,
   volume = 346,
    pages = {871-877},
      doi = {10.1111/j.1365-2966.2003.07133.x},
   adsurl = {http://adsabs.harvard.edu/abs/2003MNRAS.346..871O},
  adsnote = {Provided by the SAO/NASA Astrophysics Data System}
}

@ARTICLE{Tegmark1997a,
   author = {{Tegmark}, M.},
    title = "{How to Make Maps from Cosmic Microwave Background Data without Losing Information}",
  journal = {\apjl},
   eprint = {astro-ph/9611130},
 keywords = {COSMOLOGY: COSMIC MICROWAVE BACKGROUND, METHODS: DATA ANALYSIS},
     year = 1997,
    month = may,
   volume = 480,
    pages = {L87},
      doi = {10.1086/310631},
   adsurl = {http://adsabs.harvard.edu/abs/1997ApJ...480L..87T},
  adsnote = {Provided by the SAO/NASA Astrophysics Data System}
}

@ARTICLE{Santos2005,
   author = {{Santos}, M.~G. and {Cooray}, A. and {Knox}, L.},
    title = "{Multifrequency Analysis of 21 Centimeter Fluctuations from the Era of Reionization}",
  journal = {\apj},
   eprint = {astro-ph/0408515},
 keywords = {Cosmology: Theory, Cosmology: Diffuse Radiation, Cosmology: Large-Scale Structure of Universe},
     year = 2005,
    month = jun,
   volume = 625,
    pages = {575-587},
      doi = {10.1086/429857},
   adsurl = {http://adsabs.harvard.edu/abs/2005ApJ...625..575S},
  adsnote = {Provided by the SAO/NASA Astrophysics Data System}
}

@ARTICLE{Morales2008,
   author = {{Morales}, M.~F. and {Matejek}, M.},
    title = "{Software holography: interferometric data analysis for the challenges of next generation observatories}",
  journal = {\mnras},
archivePrefix = "arXiv",
   eprint = {0810.5107},
 keywords = {instrumentation: interferometers , techniques: interferometric , cosmology: miscellaneous},
     year = 2009,
    month = dec,
   volume = 400,
    pages = {1814-1820},
      doi = {10.1111/j.1365-2966.2009.15537.x},
   adsurl = {http://adsabs.harvard.edu/abs/2009MNRAS.400.1814M},
  adsnote = {Provided by the SAO/NASA Astrophysics Data System}
}

@ARTICLE{Tingay2013,
   author = {{Tingay}, S.~J. and {Goeke}, R. and {Bowman}, J.~D. and {Emrich}, D. and 
	{Ord}, S.~M. and {Mitchell}, D.~A. and {Morales}, M.~F. and 
	{Booler}, T. and {Crosse}, B. and {Wayth}, R.~B. and {Lonsdale}, C.~J. and 
	{Tremblay}, S. and {Pallot}, D. and {Colegate}, T. and {Wicenec}, A. and 
	{Kudryavtseva}, N. and {Arcus}, W. and {Barnes}, D. and {Bernardi}, G. and 
	{Briggs}, F. and {Burns}, S. and {Bunton}, J.~D. and {Cappallo}, R.~J. and 
	{Corey}, B.~E. and {Deshpande}, A. and {Desouza}, L. and {Gaensler}, B.~M. and 
	{Greenhill}, L.~J. and {Hall}, P.~J. and {Hazelton}, B.~J. and 
	{Herne}, D. and {Hewitt}, J.~N. and {Johnston-Hollitt}, M. and 
	{Kaplan}, D.~L. and {Kasper}, J.~C. and {Kincaid}, B.~B. and 
	{Koenig}, R. and {Kratzenberg}, E. and {Lynch}, M.~J. and {Mckinley}, B. and 
	{Mcwhirter}, S.~R. and {Morgan}, E. and {Oberoi}, D. and {Pathikulangara}, J. and 
	{Prabu}, T. and {Remillard}, R.~A. and {Rogers}, A.~E.~E. and 
	{Roshi}, A. and {Salah}, J.~E. and {Sault}, R.~J. and {Udaya-Shankar}, N. and 
	{Schlagenhaufer}, F. and {Srivani}, K.~S. and {Stevens}, J. and 
	{Subrahmanyan}, R. and {Waterson}, M. and {Webster}, R.~L. and 
	{Whitney}, A.~R. and {Williams}, A. and {Williams}, C.~L. and 
	{Wyithe}, J.~S.~B.},
    title = "{The Murchison Widefield Array: The Square Kilometre Array Precursor at Low Radio Frequencies}",
  journal = {\pasa},
archivePrefix = "arXiv",
   eprint = {1206.6945},
 primaryClass = "astro-ph.IM",
 keywords = {instrumentation: interferometers, techniques: image processing, techniques: interferometric, radio continuum: general, radio lines: general, early Universe},
     year = 2013,
    month = jan,
   volume = 30,
      eid = {e007},
    pages = {7},
      doi = {10.1017/pasa.2012.007},
   adsurl = {http://adsabs.harvard.edu/abs/2013PASA...30....7T},
  adsnote = {Provided by the SAO/NASA Astrophysics Data System}
}

@ARTICLE{Bowman2013,
   author = {{Bowman}, J.~D. and {Cairns}, I. and {Kaplan}, D.~L. and {Murphy}, T. and 
	{Oberoi}, D. and {Staveley-Smith}, L. and {Arcus}, W. and {Barnes}, D.~G. and 
	{Bernardi}, G. and {Briggs}, F.~H. and {Brown}, S. and {Bunton}, J.~D. and 
	{Burgasser}, A.~J. and {Cappallo}, R.~J. and {Chatterjee}, S. and 
	{Corey}, B.~E. and {Coster}, A. and {Deshpande}, A. and {deSouza}, L. and 
	{Emrich}, D. and {Erickson}, P. and {Goeke}, R.~F. and {Gaensler}, B.~M. and 
	{Greenhill}, L.~J. and {Harvey-Smith}, L. and {Hazelton}, B.~J. and 
	{Herne}, D. and {Hewitt}, J.~N. and {Johnston-Hollitt}, M. and 
	{Kasper}, J.~C. and {Kincaid}, B.~B. and {Koenig}, R. and {Kratzenberg}, E. and 
	{Lonsdale}, C.~J. and {Lynch}, M.~J. and {Matthews}, L.~D. and 
	{McWhirter}, S.~R. and {Mitchell}, D.~A. and {Morales}, M.~F. and 
	{Morgan}, E.~H. and {Ord}, S.~M. and {Pathikulangara}, J. and 
	{Prabu}, T. and {Remillard}, R.~A. and {Robishaw}, T. and {Rogers}, A.~E.~E. and 
	{Roshi}, A.~A. and {Salah}, J.~E. and {Sault}, R.~J. and {Shankar}, N.~U. and 
	{Srivani}, K.~S. and {Stevens}, J.~B. and {Subrahmanyan}, R. and 
	{Tingay}, S.~J. and {Wayth}, R.~B. and {Waterson}, M. and {Webster}, R.~L. and 
	{Whitney}, A.~R. and {Williams}, A.~J. and {Williams}, C.~L. and 
	{Wyithe}, J.~S.~B.},
    title = "{Science with the Murchison Widefield Array}",
  journal = {\pasa},
archivePrefix = "arXiv",
   eprint = {1212.5151},
 primaryClass = "astro-ph.IM",
 keywords = {dark ages, reionisation, first stars, instrumentation: interferometers, radio continuum: general, radio lines: general, Sun: general},
     year = 2013,
    month = apr,
   volume = 30,
      eid = {e031},
    pages = {31},
      doi = {10.1017/pas.2013.009},
   adsurl = {http://adsabs.harvard.edu/abs/2013PASA...30...31B},
  adsnote = {Provided by the SAO/NASA Astrophysics Data System}
}


@ARTICLE{Datta2010,
   author = {{Datta}, A. and {Bowman}, J.~D. and {Carilli}, C.~L.},
    title = "{Bright Source Subtraction Requirements for Redshifted 21 cm Measurements}",
  journal = {\apj},
archivePrefix = "arXiv",
   eprint = {1005.4071},
 primaryClass = "astro-ph.CO",
 keywords = {early universe, intergalactic medium, methods: data analysis, radio lines: general, techniques: interferometric},
     year = 2010,
    month = nov,
   volume = 724,
    pages = {526-538},
      doi = {10.1088/0004-637X/724/1/526},
   adsurl = {http://adsabs.harvard.edu/abs/2010ApJ...724..526D},
  adsnote = {Provided by the SAO/NASA Astrophysics Data System}
}

@ARTICLE{Vedantham2012,
   author = {{Vedantham}, H. and {Udaya Shankar}, N. and {Subrahmanyan}, R.
	},
    title = "{Imaging the Epoch of Reionization: Limitations from Foreground Confusion and Imaging Algorithms}",
  journal = {\apj},
archivePrefix = "arXiv",
   eprint = {1106.1297},
 primaryClass = "astro-ph.IM",
 keywords = {cosmology: observations, methods: analytical, methods: data analysis, techniques: interferometric},
     year = 2012,
    month = feb,
   volume = 745,
      eid = {176},
    pages = {176},
      doi = {10.1088/0004-637X/745/2/176},
   adsurl = {http://adsabs.harvard.edu/abs/2012ApJ...745..176V},
  adsnote = {Provided by the SAO/NASA Astrophysics Data System}
}

@ARTICLE{Morales2012,
   author = {{Morales}, M.~F. and {Hazelton}, B. and {Sullivan}, I. and {Beardsley}, A.
	},
    title = "{Four Fundamental Foreground Power Spectrum Shapes for 21 cm Cosmology Observations}",
  journal = {\apj},
archivePrefix = "arXiv",
   eprint = {1202.3830},
 primaryClass = "astro-ph.IM",
 keywords = {cosmology: observations, methods: data analysis, techniques: interferometric},
     year = 2012,
    month = jun,
   volume = 752,
      eid = {137},
    pages = {137},
      doi = {10.1088/0004-637X/752/2/137},
   adsurl = {http://adsabs.harvard.edu/abs/2012ApJ...752..137M},
  adsnote = {Provided by the SAO/NASA Astrophysics Data System}
}



@ARTICLE{Mellema2013,
   author = {{Mellema}, G. and {Koopmans}, L.~V.~E. and {Abdalla}, F.~A. and 
	{Bernardi}, G. and {Ciardi}, B. and {Daiboo}, S. and {de Bruyn}, A.~G. and 
	{Datta}, K.~K. and {Falcke}, H. and {Ferrara}, A. and {Iliev}, I.~T. and 
	{Iocco}, F. and {Jeli{\'c}}, V. and {Jensen}, H. and {Joseph}, R. and 
	{Labroupoulos}, P. and {Meiksin}, A. and {Mesinger}, A. and 
	{Offringa}, A.~R. and {Pandey}, V.~N. and {Pritchard}, J.~R. and 
	{Santos}, M.~G. and {Schwarz}, D.~J. and {Semelin}, B. and {Vedantham}, H. and 
	{Yatawatta}, S. and {Zaroubi}, S.},
    title = "{Reionization and the Cosmic Dawn with the Square Kilometre Array}",
  journal = {Experimental Astronomy},
archivePrefix = "arXiv",
   eprint = {1210.0197},
 primaryClass = "astro-ph.CO",
 keywords = {Cosmology: Observations, Dark ages, Reionization, First stars, Diffuse radiation, Intergalactic medium, Radio lines: General, Techniques: Interferometric},
     year = 2013,
    month = aug,
   volume = 36,
    pages = {235-318},
      doi = {10.1007/s10686-013-9334-5},
   adsurl = {http://adsabs.harvard.edu/abs/2013ExA....36..235M},
  adsnote = {Provided by the SAO/NASA Astrophysics Data System}
}


@ARTICLE{Yatawatta2013,
   author = {{Yatawatta}, S. and {de Bruyn}, A.~G. and {Brentjens}, M.~A. and 
	{Labropoulos}, P. and {Pandey}, V.~N. and {Kazemi}, S. and {Zaroubi}, S. and 
	{Koopmans}, L.~V.~E. and {Offringa}, A.~R. and {Jeli{\'c}}, V. and 
	{Martinez Rubi}, O. and {Veligatla}, V. and {Wijnholds}, S.~J. and 
	{Brouw}, W.~N. and {Bernardi}, G. and {Ciardi}, B. and {Daiboo}, S. and 
	{Harker}, G. and {Mellema}, G. and {Schaye}, J. and {Thomas}, R. and 
	{Vedantham}, H. and {Chapman}, E. and {Abdalla}, F.~B. and {Alexov}, A. and 
	{Anderson}, J. and {Avruch}, I.~M. and {Batejat}, F. and {Bell}, M.~E. and 
	{Bell}, M.~R. and {Bentum}, M. and {Best}, P. and {Bonafede}, A. and 
	{Bregman}, J. and {Breitling}, F. and {van de Brink}, R.~H. and 
	{Broderick}, J.~W. and {Br{\"u}ggen}, M. and {Conway}, J. and 
	{de Gasperin}, F. and {de Geus}, E. and {Duscha}, S. and {Falcke}, H. and 
	{Fallows}, R.~A. and {Ferrari}, C. and {Frieswijk}, W. and {Garrett}, M.~A. and 
	{Griessmeier}, J.~M. and {Gunst}, A.~W. and {Hassall}, T.~E. and 
	{Hessels}, J.~W.~T. and {Hoeft}, M. and {Iacobelli}, M. and 
	{Juette}, E. and {Karastergiou}, A. and {Kondratiev}, V.~I. and 
	{Kramer}, M. and {Kuniyoshi}, M. and {Kuper}, G. and {van Leeuwen}, J. and 
	{Maat}, P. and {Mann}, G. and {McKean}, J.~P. and {Mevius}, M. and 
	{Mol}, J.~D. and {Munk}, H. and {Nijboer}, R. and {Noordam}, J.~E. and 
	{Norden}, M.~J. and {Orru}, E. and {Paas}, H. and {Pandey-Pommier}, M. and 
	{Pizzo}, R. and {Polatidis}, A.~G. and {Reich}, W. and {R{\"o}ttgering}, H.~J.~A. and 
	{Sluman}, J. and {Smirnov}, O. and {Stappers}, B. and {Steinmetz}, M. and 
	{Tagger}, M. and {Tang}, Y. and {Tasse}, C. and {ter Veen}, S. and 
	{Vermeulen}, R. and {van Weeren}, R.~J. and {Wise}, M. and {Wucknitz}, O. and 
	{Zarka}, P.},
    title = "{Initial deep LOFAR observations of epoch of reionization windows. I. The north celestial pole}",
  journal = {\aap},
archivePrefix = "arXiv",
   eprint = {1301.1630},
 primaryClass = "astro-ph.IM",
 keywords = {dark ages, reionization, first stars, instrumentation: interferometers, techniques: interferometric, methods: data analysis},
     year = 2013,
    month = feb,
   volume = 550,
      eid = {A136},
    pages = {A136},
      doi = {10.1051/0004-6361/201220874},
   adsurl = {http://adsabs.harvard.edu/abs/2013A%26A...550A.136Y},
  adsnote = {Provided by the SAO/NASA Astrophysics Data System}
}

@ARTICLE{Trott2012,
   author = {{Trott}, C.~M. and {Wayth}, R.~B. and {Tingay}, S.~J.},
    title = "{The Impact of Point-source Subtraction Residuals on 21 cm Epoch of Reionization Estimation}",
  journal = {\apj},
archivePrefix = "arXiv",
   eprint = {1208.0646},
 primaryClass = "astro-ph.CO",
 keywords = {early universe, methods: analytical, techniques: interferometric},
     year = 2012,
    month = sep,
   volume = 757,
      eid = {101},
    pages = {101},
      doi = {10.1088/0004-637X/757/1/101},
   adsurl = {http://adsabs.harvard.edu/abs/2012ApJ...757..101T},
  adsnote = {Provided by the SAO/NASA Astrophysics Data System}
}

@ARTICLE{Thyagarajan2013,
   author = {{Thyagarajan}, N. and {Udaya Shankar}, N. and {Subrahmanyan}, R. and 
	{Arcus}, W. and {Bernardi}, G. and {Bowman}, J.~D. and {Briggs}, F. and 
	{Bunton}, J.~D. and {Cappallo}, R.~J. and {Corey}, B.~E. and 
	{deSouza}, L. and {Emrich}, D. and {Gaensler}, B.~M. and {Goeke}, R.~F. and 
	{Greenhill}, L.~J. and {Hazelton}, B.~J. and {Herne}, D. and 
	{Hewitt}, J.~N. and {Johnston-Hollitt}, M. and {Kaplan}, D.~L. and 
	{Kasper}, J.~C. and {Kincaid}, B.~B. and {Koenig}, R. and {Kratzenberg}, E. and 
	{Lonsdale}, C.~J. and {Lynch}, M.~J. and {McWhirter}, S.~R. and 
	{Mitchell}, D.~A. and {Morales}, M.~F. and {Morgan}, E.~H. and 
	{Oberoi}, D. and {Ord}, S.~M. and {Pathikulangara}, J. and {Remillard}, R.~A. and 
	{Rogers}, A.~E.~E. and {Anish Roshi}, D. and {Salah}, J.~E. and 
	{Sault}, R.~J. and {Srivani}, K.~S. and {Stevens}, J.~B. and 
	{Thiagaraj}, P. and {Tingay}, S.~J. and {Wayth}, R.~B. and {Waterson}, M. and 
	{Webster}, R.~L. and {Whitney}, A.~R. and {Williams}, A.~J. and 
	{Williams}, C.~L. and {Wyithe}, J.~S.~B.},
    title = "{A Study of Fundamental Limitations to Statistical Detection of Redshifted H I from the Epoch of Reionization}",
  journal = {\apj},
archivePrefix = "arXiv",
   eprint = {1308.0565},
 primaryClass = "astro-ph.CO",
 keywords = {dark ages, reionization, first stars, large-scale structure of universe, methods: statistical, radio continuum: galaxies, radio lines: general, techniques: interferometric},
     year = 2013,
    month = oct,
   volume = 776,
      eid = {6},
    pages = {6},
      doi = {10.1088/0004-637X/776/1/6},
   adsurl = {http://adsabs.harvard.edu/abs/2013ApJ...776....6T},
  adsnote = {Provided by the SAO/NASA Astrophysics Data System}
}

@ARTICLE{Paciga2013,
   author = {{Paciga}, G. and {Albert}, J.~G. and {Bandura}, K. and {Chang}, T.-C. and 
	{Gupta}, Y. and {Hirata}, C. and {Odegova}, J. and {Pen}, U.-L. and 
	{Peterson}, J.~B. and {Roy}, J. and {Shaw}, J.~R. and {Sigurdson}, K. and 
	{Voytek}, T.},
    title = "{A simulation-calibrated limit on the H I power spectrum from the GMRT Epoch of Reionization experiment}",
  journal = {\mnras},
archivePrefix = "arXiv",
   eprint = {1301.5906},
 primaryClass = "astro-ph.CO",
 keywords = {intergalactic medium, cosmology: observations, diffuse radiation, radio lines: general},
     year = 2013,
    month = jul,
   volume = 433,
    pages = {639-647},
      doi = {10.1093/mnras/stt753},
   adsurl = {http://adsabs.harvard.edu/abs/2013MNRAS.433..639P},
  adsnote = {Provided by the SAO/NASA Astrophysics Data System}
}

@ARTICLE{Masui2013,
   author = {{Masui}, K.~W. and {Switzer}, E.~R. and {Banavar}, N. and {Bandura}, K. and 
	{Blake}, C. and {Calin}, L.-M. and {Chang}, T.-C. and {Chen}, X. and 
	{Li}, Y.-C. and {Liao}, Y.-W. and {Natarajan}, A. and {Pen}, U.-L. and 
	{Peterson}, J.~B. and {Shaw}, J.~R. and {Voytek}, T.~C.},
    title = "{Measurement of 21 cm Brightness Fluctuations at z \~{} 0.8 in Cross-correlation}",
  journal = {\apjl},
archivePrefix = "arXiv",
   eprint = {1208.0331},
 primaryClass = "astro-ph.CO",
 keywords = {galaxies: evolution, large-scale structure of universe, radio lines: galaxies},
     year = 2013,
    month = jan,
   volume = 763,
      eid = {L20},
    pages = {L20},
      doi = {10.1088/2041-8205/763/1/L20},
   adsurl = {http://adsabs.harvard.edu/abs/2013ApJ...763L..20M},
  adsnote = {Provided by the SAO/NASA Astrophysics Data System}
}

@ARTICLE{Switzer2013,
   author = {{Switzer}, E.~R. and {Masui}, K.~W. and {Bandura}, K. and {Calin}, L.-M. and 
	{Chang}, T.-C. and {Chen}, X.-L. and {Li}, Y.-C. and {Liao}, Y.-W. and 
	{Natarajan}, A. and {Pen}, U.-L. and {Peterson}, J.~B. and {Shaw}, J.~R. and 
	{Voytek}, T.~C.},
    title = "{Determination of z {\tilde} 0.8 neutral hydrogen fluctuations using the 21 cm intensity mapping autocorrelation}",
  journal = {\mnras},
archivePrefix = "arXiv",
   eprint = {1304.3712},
 primaryClass = "astro-ph.CO",
 keywords = {galaxies: evolution, large-scale structure of universe, radio lines: galaxies},
     year = 2013,
    month = jul,
   volume = 434,
    pages = {L46-L50},
      doi = {10.1093/mnrasl/slt074},
   adsurl = {http://adsabs.harvard.edu/abs/2013MNRAS.434L..46S},
  adsnote = {Provided by the SAO/NASA Astrophysics Data System}
}

@ARTICLE{Shaw2014a,
   author = {{Shaw}, J.~R. and {Sigurdson}, K. and {Pen}, U.-L. and {Stebbins}, A. and 
	{Sitwell}, M.},
    title = "{All-sky Interferometry with Spherical Harmonic Transit Telescopes}",
  journal = {\apj},
archivePrefix = "arXiv",
   eprint = {1302.0327},
 primaryClass = "astro-ph.CO",
 keywords = {cosmology: observations, dark energy, large-scale structure of universe, methods: data analysis, radio continuum: general },
     year = 2014,
    month = feb,
   volume = 781,
      eid = {57},
    pages = {57},
      doi = {10.1088/0004-637X/781/2/57},
   adsurl = {http://adsabs.harvard.edu/abs/2014ApJ...781...57S},
  adsnote = {Provided by the SAO/NASA Astrophysics Data System}
}

@ARTICLE{Tegmark1997b,
   author = {{Tegmark}, M.},
    title = "{How to measure CMB power spectra without losing information}",
  journal = {\prd},
   eprint = {astro-ph/9611174},
 keywords = {Background radiations, Origin and formation of the Universe, Observational cosmology},
     year = 1997,
    month = may,
   volume = 55,
    pages = {5895-5907},
      doi = {10.1103/PhysRevD.55.5895},
   adsurl = {http://adsabs.harvard.edu/abs/1997PhRvD..55.5895T},
  adsnote = {Provided by the SAO/NASA Astrophysics Data System}
}

@ARTICLE{Bond1998,
   author = {{Bond}, J.~R. and {Jaffe}, A.~H. and {Knox}, L.},
    title = "{Estimating the power spectrum of the cosmic microwave background}",
  journal = {\prd},
   eprint = {astro-ph/9708203},
 keywords = {Background radiations},
     year = 1998,
    month = feb,
   volume = 57,
    pages = {2117-2137},
      doi = {10.1103/PhysRevD.57.2117},
   adsurl = {http://adsabs.harvard.edu/abs/1998PhRvD..57.2117B},
  adsnote = {Provided by the SAO/NASA Astrophysics Data System}
}

@ARTICLE{Shaw2014b,
   author = {{Shaw}, J.~R. and {Sigurdson}, K. and {Sitwell}, M. and {Stebbins}, A. and 
	{Pen}, U.-L.},
    title = "{Coaxing Cosmic 21cm Fluctuations from the Polarized Sky using m-mode Analysis}",
  journal = {ArXiv e-prints},
archivePrefix = "arXiv",
   eprint = {1401.2095},
 primaryClass = "astro-ph.CO",
 keywords = {Astrophysics - Cosmology and Extragalactic Astrophysics, Astrophysics - Instrumentation and Methods for Astrophysics},
     year = 2014,
    month = jan,
   adsurl = {http://adsabs.harvard.edu/abs/2014arXiv1401.2095S},
  adsnote = {Provided by the SAO/NASA Astrophysics Data System}
}

@ARTICLE{SaiyadAli2013,
   author = {{Saiyad Ali}, S. and {Bharadwaj}, S.},
    title = "{Prospects for detecting the 326.5 MHz redshifted 21 cm HI signal with the Ooty Radio Telescope (ORT)}",
  journal = {ArXiv e-prints},
archivePrefix = "arXiv",
   eprint = {1310.1707},
 primaryClass = "astro-ph.CO",
 keywords = {Astrophysics - Cosmology and Extragalactic Astrophysics},
     year = 2013,
    month = oct,
   adsurl = {http://adsabs.harvard.edu/abs/2013arXiv1310.1707S},
  adsnote = {Provided by the SAO/NASA Astrophysics Data System}
}

@ARTICLE{Chen2012,
   author = {{Chen}, X.},
    title = "{The Tianlai Project: a 21CM Cosmology Experiment}",
  journal = {International Journal of Modern Physics Conference Series},
archivePrefix = "arXiv",
   eprint = {1212.6278},
 primaryClass = "astro-ph.IM",
 keywords = {21cm, dark energy, baryon acoustic oscillation},
     year = 2012,
    month = mar,
   volume = 12,
    pages = {256-263},
      doi = {10.1142/S2010194512006459},
   adsurl = {http://adsabs.harvard.edu/abs/2012IJMPS..12..256C},
  adsnote = {Provided by the SAO/NASA Astrophysics Data System}
}


@ARTICLE{Petrovic2011,
   author = {{Petrovic}, N. and {Oh}, S.~P.},
    title = "{Systematic effects of foreground removal in 21-cm surveys of reionization}",
  journal = {\mnras},
archivePrefix = "arXiv",
   eprint = {1010.4109},
 primaryClass = "astro-ph.CO",
 keywords = {methods: statistical, cosmology: theory, radio lines: general},
     year = 2011,
    month = may,
   volume = 413,
    pages = {2103-2120},
      doi = {10.1111/j.1365-2966.2011.18276.x},
   adsurl = {http://adsabs.harvard.edu/abs/2011MNRAS.413.2103P},
  adsnote = {Provided by the SAO/NASA Astrophysics Data System}
}

@ARTICLE{Tegmark1998,
   author = {{Tegmark}, M. and {Hamilton}, A.~J.~S. and {Strauss}, M.~A. and 
	{Vogeley}, M.~S. and {Szalay}, A.~S.},
    title = "{Measuring the Galaxy Power Spectrum with Future Redshift Surveys}",
  journal = {\apj},
   eprint = {astro-ph/9708020},
 keywords = {GALAXIES: DISTANCES AND REDSHIFTS, GALAXIES: PHOTOMETRY, METHODS: NUMERICAL},
     year = 1998,
    month = may,
   volume = 499,
    pages = {555},
      doi = {10.1086/305663},
   adsurl = {http://adsabs.harvard.edu/abs/1998ApJ...499..555T},
  adsnote = {Provided by the SAO/NASA Astrophysics Data System}
}

@ARTICLE{Feldman1994,
   author = {{Feldman}, H.~A. and {Kaiser}, N. and {Peacock}, J.~A.},
    title = "{Power-spectrum analysis of three-dimensional redshift surveys}",
  journal = {\apj},
   eprint = {astro-ph/9304022},
 keywords = {Astronomical Models, Cosmology, Dark Matter, Normal Density Functions, Power Spectra, Red Shift, Sky Surveys (Astronomy), Three Dimensional Models, Fourier Transformation, Infrared Astronomy Satellite, Stochastic Processes, Weighting Functions},
     year = 1994,
    month = may,
   volume = 426,
    pages = {23-37},
      doi = {10.1086/174036},
   adsurl = {http://adsabs.harvard.edu/abs/1994ApJ...426...23F},
  adsnote = {Provided by the SAO/NASA Astrophysics Data System}
}

@ARTICLE{McQuinn2006,
   author = {{McQuinn}, M. and {Zahn}, O. and {Zaldarriaga}, M. and {Hernquist}, L. and 
	{Furlanetto}, S.~R.},
    title = "{Cosmological Parameter Estimation Using 21 cm Radiation from the Epoch of Reionization}",
  journal = {\apj},
   eprint = {astro-ph/0512263},
 keywords = {Cosmology: Theory, Galaxies: Intergalactic Medium, Radio Lines: General},
     year = 2006,
    month = dec,
   volume = 653,
    pages = {815-834},
      doi = {10.1086/505167},
   adsurl = {http://adsabs.harvard.edu/abs/2006ApJ...653..815M},
  adsnote = {Provided by the SAO/NASA Astrophysics Data System}
}

@ARTICLE{Tegmark2001,
   author = {{Tegmark}, M. and {de Oliveira-Costa}, A.},
    title = "{How to measure CMB polarization power spectra without losing information}",
  journal = {\prd},
   eprint = {astro-ph/0012120},
 keywords = {Distances redshifts radial velocities, spatial distribution of galaxies, Superclusters, large-scale structure of the Universe, Background radiations, Observational cosmology},
     year = 2001,
    month = sep,
   volume = 64,
   number = 6,
      eid = {063001},
    pages = {063001},
      doi = {10.1103/PhysRevD.64.063001},
   adsurl = {http://adsabs.harvard.edu/abs/2001PhRvD..64f3001T},
  adsnote = {Provided by the SAO/NASA Astrophysics Data System}
}